@article{morey2008,
  title={Confidence intervals from normalized data: {A} correction to Cousineau (2005)},
  author={Morey, Richard D},
  journal={Tutorial in {Q}uantitative {M}ethods for {P}sychology},
  volume={4},
  number={2},
  pages={61--64},
  year={2008}
}


@article{vandierendonck2010,
  title={Task switching: {I}nterplay of reconfiguration and interference control.},
  author={Vandierendonck, Andr{\'e} and Liefooghe, Baptist and Verbruggen, Frederick},
  journal={Psychological {B}ulletin},
  volume={136},
  number={4},
  pages={601},
  year={2010},
}

@article{kiesel2010,
  title={Control and interference in task switching: {A} review.},
  author={Kiesel, Andrea and Steinhauser, Marco and Wendt, Mike and Falkenstein, Michael and Jost, Kerstin and Philipp, Andrea M and Koch, Iring},
  journal={Psychological {B}ulletin},
  volume={136},
  number={5},
  pages={849},
  year={2010},
}

@article{vanDijck2009,
	doi = {10.1016/j.cognition.2009.08.005},
	year = 2009,
	volume = {113},
	number = {2},
	pages = {248--253},
	author = {{van Dijck}, Jean-Philippe and Gevers, Wim and Fias, Wim},
	title = {Numbers are associated with different types of spatial information depending on the task},
	journal = {Cognition}
}

@article{herrera2008,
	doi = {10.1016/j.actpsy.2008.01.002},
	year = 2008,
	volume = {128},
	number = {2},
	pages = {225--237},
	author = {Amparo Herrera and Pedro Macizo and Carlo Semenza},
	title = {The role of working memory in the association between number magnitude and space},
	journal = {Acta {P}sychologica}
}

@article{gevers2006,
	Author = {Gevers, Wim and Verguts, Tom and Reynvoet, Bert and Caessens, Bernie and Fias, Wim},
	Doi = {10.1037/0096-1523.32.1.32},
	Journal = {Journal of {E}xperimental {P}sychology: {H}uman {P}erception and {P}erformance},
	Number = {1},
	Pages = {32-44},
	Publisher = {American Psychological Association},
	Title = {Numbers and space: {A} computational model of the {SNARC} effect.},
	Url = {http://dx.doi.org/10.1037/0096-1523.32.1.32},
	Volume = {32},
	Year = {2006},
	Bdsk-Url-1 = {http://dx.doi.org/10.1037/0096-1523.32.1.32}
}


@incollection{nuerk2014chapter,
	doi = {10.1093/oxfordhb/9780199642342.013.021},
	year = 2014,
	author = {Nuerk,H.-C. and Korbinian Moeller and Klaus Willmes},
	editor = {Cohen Kadosh, Roi and Ann Dowker},
	title = {Multi-digit {N}umber {P}rocessing},
	booktitle={The {O}xford {H}andbook of {N}umerical {C}ognition},
	pages={106--139}
}

@article{dotan2013,
	doi = {10.1016/j.cognition.2013.07.007},
	url = {http://dx.doi.org/10.1016/j.cognition.2013.07.007},
	year = 2013,
	publisher = {Elsevier {BV}},
	volume = {129},
	number = {3},
	pages = {512--529},
	author = {Dror Dotan and Stanislas Dehaene},
	title = {How do we convert a number into a finger trajectory?},
	journal = {Cognition}
}


@article{ruitenberg2016,
        doi={10.1016/j.neuropsychologia.2016.09.027},
        url={https://doi.org/10.1016/j.neuropsychologia.2016.09.027},
	year=2016,
	volume={93},
	pages={30--39},
	author={Marit F. L. Ruitenberg and Wout Duthoo and Patrick Santens and Rachael D. Seidler and Wim Notebaert and Elger L. Abrahamse},
	title={Sequence learning in Parkinson's disease: {F}ocusing on action dynamics and the role of dopaminergic medication},
	journal={Neuropsychologia}
}

@article{strauss2015,
	doi = {10.1016/j.neunet.2015.10.005},
	url = {https://doi.org/10.1016/j.neunet.2015.10.005},
	year = 2015,
	publisher = {Elsevier {BV}},
	volume = {72},
	pages = {3--12},
	author = {Soeren Strauss and Philip J.W. Woodgate and Saber A. Sami and Dietmar Heinke},
	title = {Choice reaching with a {LEGO} arm robot ({CoRLEGO}): {T}he motor system guides visual attention to movement-relevant information},
	journal = {Neural {N}etworks}
}


@article{erb2016,
	doi = {10.1016/j.cognition.2016.03.015},
	year = 2016,
	volume = {152},
	pages = {114--126},
	author = {Christopher D. Erb and Jeff Moher and David M. Sobel and Joo-Hyun Song},
	title = {Reach tracking reveals dissociable processes underlying cognitive control},
	journal = {Cognition}
}

@article{fischerHartmann2014,
   	author={Fischer, Martin H  and  Hartmann, Matthias},   
	title={Pushing Forward in Embodied Cognition: {M}ay we mouse the mathematical mind?},      
	journal={Frontiers in {P}sychology},      
	volume={5},      
	year={2014},      
	number={1315},     
	url={http://www.frontiersin.org/cognition/10.3389/fpsyg.2014.01315/abstract},       
	doi={10.3389/fpsyg.2014.01315}}


@article{spivey2005,
	Author = {Spivey, Michael J and Grosjean, Marc and Knoblich, G{\"u}nther},
	Doi = {10.1073/pnas.0503903102},
	Journal = {Proceedings of the National Academy of Sciences},
	Number = {29},
	Pages = {10393--10398},
	Publisher = {National Acad Sciences},
	Title = {Continuous attraction toward phonological competitors},
	Url = {http://dx.doi.org/10.1073/pnas.0503903102},
	Volume = {102},
	Year = {2005},
	Bdsk-Url-1 = {http://dx.doi.org/10.1073/pnas.0503903102}}


@article{santens2011,
	Author = {Santens, Seppe and Goossens, Sofie and Verguts, Tom},
	Doi = {10.1371/journal.pone.0025429},
	Journal = {PloS {O}ne},
	Number = {9},
	Pages = {e25429},
	Publisher = {Public Library of Science},
	Title = {Distance in motion: {R}esponse trajectories reveal the dynamics of number comparison},
	Url = {http://dx.doi.org/10.1371/journal.pone.0025429},
	Volume = {6},
	Year = {2011},
	Bdsk-Url-1 = {http://dx.doi.org/10.1371/journal.pone.0025429}}

@article{songNakayama2008,
	Author = {Song, Joo-Hyun and Nakayama, Ken},
	Doi = {10.1016/j.cognition.2007.03.014},
	Journal = {Cognition},
	Number = {2},
	Pages = {994--1003},
	Publisher = {Elsevier},
	Title = {Numeric comparison in a visually-guided manual reaching task},
	Url = {http://dx.doi.org/10.1016/j.cognition.2007.03.014},
	Volume = {106},
	Year = {2008},
	Bdsk-Url-1 = {http://dx.doi.org/10.1016/j.cognition.2007.03.014}}
	
@article{freeman2009motions,
	Author = {Freeman, Jonathan B and Ambady, Nalini},
	Doi = {10.1111/j.1467-9280.2009.02422.x},
	Journal = {Psychological {S}cience},
	Number = {10},
	Pages = {1183--1188},
	Publisher = {SAGE Publications},
	Title = {Motions of the hand expose the partial and parallel activation of stereotypes},
	Url = {http://dx.doi.org/10.1111/j.1467-9280.2009.02422.x},
	Volume = {20},
	Year = {2009},
	Bdsk-Url-1 = {http://dx.doi.org/10.1111/j.1467-9280.2009.02422.x}}


@article{freemanDaleFarmer2011,
	Author = {Freeman, Jonathan B and Dale, Rick and Farmer, Thomas A},
	Doi = {10.3389/fpsyg.2011.00059},
	Journal = {Frontiers in Psychology},
	Publisher = {Frontiers Media SA},
	Title = {Hand in motion reveals mind in motion},
	Url = {http://dx.doi.org/10.3389/fpsyg.2011.00059},
	Volume = {2},
	number={59},
	Year = {2011},
	Bdsk-Url-1 = {http://dx.doi.org/10.3389/fpsyg.2011.00059}}



@article{freemanAmbady2010,
	Author = {Freeman, Jonathan B and Ambady, Nalini},
	Date-Modified = {2014-11-01 17:49:02 +0000},
	Doi = {10.3758/BRM.42.1.226},
	Journal = {Behavior Research Methods},
	Pages = {226-241},
	Title = {Mouse{T}racker: {S}oftware for studying real-time mental processing using a computer mouse-tracking method.},
	Url = {http://dx.doi.org/10.3758/BRM.42.1.226},
	Volume = 42,
	Year = 2010,
	number={1},
	Bdsk-Url-1 = {http://dx.doi.org/10.3758/BRM.42.1.226}}

@article{faulkenberry2018,
  year = {in press},
  title = {Tracking the continuous dynamics of numerical processing: {A} brief review and editorial},
  author = {Faulkenberry, T. J. and Hartmann, Matthias and Witte, Matthias},
  journal = {Journal of {N}umerical {C}ognition}
}

@article{faulkenberry2017,
	doi = {10.1027/1618-3169/a000365},
	year = 2017,
	volume = {64},
	number = {3},
	pages = {191--204},
	author = {Faulkenberry, T. J. and Alexander Cruise and Samuel Shaki},
	title = {Reversing the Manual Digit Bias in Two-Digit Number Comparison},
	journal = {Experimental {P}sychology}
}

@article{faulkenberryShaki2016,
	doi = {10.1016/j.actpsy.2015.11.010},
	url = {http://dx.doi.org/10.1016/j.actpsy.2015.11.010},
	year = 2016,
	publisher = {Elsevier {BV}},
	volume = {163},
	pages = {114--123},
	author = {Faulkenberry, T. J. and Cruise, A. and Lavro, D. and Shaki, S.},
	title = {Response trajectories capture the continuous dynamics of the size congruity effect},
	journal = {Acta {P}sychologica}
}

@article{faulkenberry2016,
author = {Faulkenberry, T. J.},
title = {Testing a direct mapping versus competition account of response dynamics in number comparison},
journal = {Journal of {C}ognitive {P}sychology},
year = {2016},
doi = {10.1080/20445911.2016.1191504},
}


@article{faulkenberry2015,
	doi = {10.1016/j.actpsy.2015.05.013},
	year = 2015,
	publisher = {Elsevier {BV}},
	volume = {159},
	pages = {100--107},
	author = {Faulkenberry, T. J. and Sarah A. Montgomery and Sarah-Ann N. Tennes},
	title = {Response trajectories reveal the temporal dynamics of fraction representations},
	journal = {Acta {P}sychologica}
}


@article{faulkenberry2014,
	Author = {Faulkenberry, T. J.},
	Doi = {10.1037/cep0000021},
	Journal = {Canadian {J}ournal of {E}xperimental {P}sychology},
	Title = {Hand movements reflect competitive processing in numerical cognition},
	Url = {http://dx.doi.org/10.1037/cep0000021},
	volume={68},
	Number={3},
	pages={147-151},
	Year = {2014}
}

@article{erb2018,
  author = {Erb, Christopher D. and Moher, Jeff and Song, Joo-Hyun and Sobel, David M.},
  title = {Numerical cognition in action: Reaching behavior reveals numerical distance effects in 5- to 6-year-olds},
  year = {in press},
  journal = {Journal of Numerical Cognition}
}


@article{kallai2012,
	doi = {10.1037/a0027635},
	year = 2012,
	volume = {38},
	number = {5},
	pages = {1221--1233},
	author = {Arava Y. Kallai and Joseph Tzelgov},
	title = {The place-value of a digit in multi-digit numbers is processed automatically.},
	journal = {Journal of {E}xperimental {P}sychology: {L}earning, {M}emory, and {C}ognition}
}

@article{nuerk2005power,
  title={The power of the mental number line: How the magnitude of unattended numbers affects performance in an Eriksen task},
  author={Nuerk, H.-C. and Bauer, Frank and Krummenacher, Joseph and Heller, Dieter and Willmes, Klaus},
  journal={Psychology {S}cience},
  volume={47},
  number={1},
  pages={34--50},
  year={2005},
}
@article{ratinckx2005,
	doi = {10.1037/0096-1523.31.5.1150},
	year = 2005,
	volume = {31},
	number = {5},
	pages = {1150--1163},
	author = {Elie Ratinckx and Marc Brysbaert and Wim Fias},
	title = {Naming two-digit {A}rabic numerals: {E}vidence from masked priming studies.},
	journal = {Journal of {E}xperimental {P}sychology: {H}uman {P}erception and {P}erformance}
}
@article{ganorStern2007,
	doi = {10.1037/0096-1523.33.2.483},
	year = 2007,
	volume = {33},
	number = {2},
	pages = {483--496},
	author = {Dana Ganor-Stern and Joseph Tzelgov and Ravid Ellenbogen},
	title = {Automaticity and two-digit numbers.},
	journal = {Journal of {E}xperimental {P}sychology: {H}uman {P}erception and {P}erformance}
}
@article{reynvoet2011,
	doi = {10.1027/2151-2604/a000044},
	year = 2011,
	publisher = {Hogrefe {\&} Huber},
	volume = {219},
	number = {1},
	pages = {37--41},
	author = {Bert Reynvoet and Karolien Notebaert and Van den Bussche, Eva},
	title = {The Processing of Two-Digit Numbers Depends on Task Instructions},
	journal = {Zeitschrift f\"ur {P}sychologie}
}

@article{macizo2011,
	doi = {10.1016/j.actpsy.2010.10.008},
	year = 2011,
	volume = {136},
	number = {1},
	pages = {112--118},
	author = {Pedro Macizo and Amparo Herrera},
	title = {Cognitive control in number processing: {E}vidence from the unit{\textendash}decade compatibility effect},
	journal = {Acta {P}sychologica}
}
@article{castronovo2011,
	doi = {10.1080/20445911.2011.445985},
	year = 2011,
	volume = {23},
	number = {1},
	pages = {8--17},
	author = {Julie Castronovo and Virginie Crollen},
	title = {Numerical comparison of two-digit numbers: {H}ow differences at encoding can involve differences in processing},
	journal = {Journal of {C}ognitive {P}sychology}
}

@article{nuerk2005language,
	doi = {10.1016/j.bandl.2004.06.107},
	year = 2005,
	volume = {92},
	number = {3},
	pages = {262--277},
	author = {Nuerk, H.-C. and Weger, U. and Willmes, K.},
	title = {Language effects in magnitude comparison: {S}mall, but not irrelevant},
	journal = {Brain and {L}anguage}
}
@article{macizo2010,
	doi = {10.1017/s0142716410000184},
	year = 2010,
	volume = {31},
	number = {04},
	pages = {651--669},
	author = {Pedro Macizo and Amparo Herrera and Daniela Paolieri and Patricai Rom{\'a}n},
	title = {Is there cross-language modulation when bilinguals process number words?},
	journal = {Applied {P}sycholinguistics}
}

@article{nuerk2005,
  title={On the magnitude representations of two-digit numbers},
  author={Nuerk, H.-C. and Willmes, Klaus},
  journal={Psychology {S}cience},
  volume={47},
  number={1},
  pages={52--72},
  year={2005},
}

@article{moeller2009,
	doi = {10.1080/09541440802311899},
	year = 2009,
	volume = {21},
	number = {5},
	pages = {672--685},
	author = {K. Moeller and Nuerk, H.-C. and K. Willmes},
	title = {Internal number magnitude representation is not holistic, either},
	journal = {European {J}ournal of {C}ognitive {P}sychology}
}


@article{moeller2013,
	doi = {10.1007/s10339-012-0535-z},
	year = 2013,
	volume = {14},
	number = {1},
	pages = {51--62},
	author = {Korbinian Moeller and Elise Klein and Nuerk, H.-C. and Klaus Willmes},
	title = {Magnitude representation in sequential comparison of two-digit numbers is not holistic either},
	journal = {Cognitive {P}rocessing}
}

@article{nuerk2011,
	doi = {10.1027/2151-2604/a000041},
	year = 2011,
	volume = {219},
	number = {1},
	pages = {3--22},
	author = {Nuerk, H.-C. and Korbinian Moeller and Elise Klein and Klaus Willmes and Martin H. Fischer},
	title = {Extending the Mental Number Line},
	journal = {Zeitschrift f{\"u}r {P}sychologie}
}

@article{dewolf2014,
	doi = {10.1037/a0032916},
	year = 2014,
	volume = {40},
	number = {1},
	pages = {71--82},
	author = {Melissa DeWolf and Margaret A. Grounds and Miriam Bassok and Keith J. Holyoak},
	title = {Magnitude comparison with different types of rational numbers.},
	journal = {Journal of {E}xperimental {P}sychology: {H}uman {P}erception and {P}erformance}
}

@article{moyer1967,
	doi = {10.1038/2151519a0},
	year = 1967,
	volume = {215},
	number = {5109},
	pages = {1519--1520},
	author = {Moyer, Robert S. and Landauer, Thomas K.},
	title = {Time required for Judgements of Numerical Inequality},
	journal = {Nature}
}

@article{klein2013,
	doi = {10.3389/fpsyg.2013.00480},
	year = 2013,
	volume = {4},
	pages = {480}, 
	author = {Elise Klein and J. Bahnmueller and A. Mann and S. Pixner and L. Kaufmann and H.-C. Nuerk and K. Moeller},
	title = {Language influences on numerical development{\textemdash} {I}nversion effects on multi-digit number processing},
	journal = {Frontiers in {P}sychology}
}

@article{mussolin2008,
	doi = {10.1016/j.actpsy.2008.08.001},
	year = 2008,
	volume = {129},
	number = {2},
	pages = {264--272},
	author = {Christophe Mussolin and Marie-Pascale No{\"e}l},
	title = {Automaticity for numerical magnitude of two-digit Arabic numbers in children},
	journal = {Acta {P}sychologica}
}

@article{nuerk2001,
	doi = {10.1016/s0010-0277(01)00142-1},
	year = 2001,
	volume = {82},
	number = {1},
	pages = {B25--B33},
	author = {Nuerk, H.-C. and Ulrich Weger and Klaus Willmes},
	title = {Decade breaks in the mental number line? {P}utting the tens and units back in different bins},
	journal = {Cognition}
}

@article{moeller2009,
	doi = {10.1016/j.actpsy.2009.05.005},
	year = 2009,
	volume = {131},
	number = {3},
	pages = {209--220},
	author = {K. Moeller and M.H. Fischer and Nuerk, H.-C. and K. Willmes},
	title = {Eye fixation behaviour in the number bisection task: {E}vidence for temporal specificity},
	journal = {Acta {P}sychologica}
}

@article{dehaene1990,
	doi = {10.1037/0096-1523.16.3.626},
	year = 1990,
	volume = {16},
	number = {3},
	pages = {626--641},
	author = {Stanislas Dehaene and Emmanuel Dupoux and Jacques Mehler},
	title = {Is numerical comparison digital? {A}nalogical and symbolic effects in two-digit number comparison.},
	journal = {Journal of {E}xperimental {P}sychology: {H}uman {P}erception and {P}erformance}
}

@article{hinrichs1981,
	doi = {10.1037/0096-1523.7.4.890},
	year = 1981,
	volume = {7},
	number = {4},
	pages = {890--901},
	author = {James V. Hinrichs and Dale S. Yurko and Jing-mei Hu},
	title = {Two-digit number comparison: {U}se of place information.},
	journal = {Journal of {E}xperimental {P}sychology: {H}uman {P}erception and {P}erformance}
}

@article{verguts2005,
	doi = {10.1027/1618-3169.52.3.195},
	year = 2005,
	volume = {52},
	number = {3},
	pages = {195--200},
	author = {Tom Verguts and De Moor, Wendy},
	title = {Two-digit Comparison: {D}ecomposed, holistic, or hybrid?},
	journal = {Experimental {P}sychology}
}

@article{morey2008confidence,
  title={Confidence intervals from normalized data: {A} correction to Cousineau (2005)},
  author={Morey, Richard D.},
  journal={Tutorial in {Q}uantitative {M}ethods for {P}sychology},
  volume={4},
  number={2},
  pages={61--64},
  year={2008}
}

@article{groen1972,
	doi = {10.1037/h0032950},
	url = {https://doi.org/10.1037/h0032950},
	year = 1972,
	publisher = {American Psychological Association ({APA})},
	volume = {79},
	number = {4},
	pages = {329--343},
	author = {Guy J. Groen and John M. Parkman},
	title = {A chronometric analysis of simple addition.},
	journal = {Psychological {R}eview}
}

@article{ashcraft1992,
	doi = {10.1016/0010-0277(92)90051-i},
	url = {https://doi.org/10.1016/0010-0277%2892%2990051-i},
	year = 1992,
	publisher = {Elsevier {BV}},
	volume = {44},
	number = {1-2},
	pages = {75--106},
	author = {Mark H. Ashcraft},
	title = {Cognitive arithmetic: {A} review of data and theory},
	journal = {Cognition}
}

@article{mccloskey1992,
	doi = {10.1016/0010-0277(92)90052-j},
	url = {https://doi.org/10.1016/0010-0277%2892%2990052-j},
	year = 1992,
	publisher = {Elsevier {BV}},
	volume = {44},
	number = {1-2},
	pages = {107--157},
	author = {Michael McCloskey},
	title = {Cognitive mechanisms in numerical processing: {E}vidence from acquired dyscalculia},
	journal = {Cognition}
}

@article{mccloskey1995,
	doi = {10.1037/0003-066x.50.5.351},
	url = {https://doi.org/10.1037/0003-066x.50.5.351},
	year = 1995,
	publisher = {American Psychological Association ({APA})},
	volume = {50},
	number = {5},
	pages = {351--363},
	author = {Michael McCloskey and Paul Macaruso},
	title = {Representing and using numerical information.},
	journal = {American {P}sychologist}
}

@incollection{mccloskey1992chapter,
	doi = {10.1016/s0166-4115(08)60895-x},
	url = {https://doi.org/10.1016/s0166-4115(80)60895-x},
	year = 1992,
	publisher = {Elsevier},
	pages = {493--537},
	author = {Michael McCloskey and Paul Macaruso and Tony Whetstone},
	title = {The Functional Architecture Of Numerical Processing Mechanisms: {D}efending The Modular Model},
	booktitle = {The Nature and Origins of Mathematical Skills},
	editor={Jamie I. D. Campbell}
}

@article{dehaene1992,
	doi = {10.1016/0010-0277(92)90049-n},
	url = {https://doi.org/10.1016/0010-0277(92)90049-n},
	year = 1992,
	publisher = {Elsevier {BV}},
	volume = {44},
	number = {1-2},
	pages = {1--42},
	author = {Stanislas Dehaene},
	title = {Varieties of numerical abilities},
	journal = {Cognition}
}

@article{dehaene1995,
        year=1995,
	volume={1},
	number={1},
	pages={83--120},
	author={Stanislas Dehaene and Laurent Cohen},
	title={Towards an anatomical and functional model of number processing},
	journal={Mathematical {C}ognition}
}

@article{campbell1988,
	doi = {10.1037/0096-3445.117.2.204},
	url = {https://doi.org/10.1037/0096-3445.117.2.204},
	year = 1988,
	publisher = {American Psychological Association ({APA})},
	volume = {117},
	number = {2},
	pages = {204--214},
	author = {Jamie I. D. Campbell and James M. Clark},
	title = {An encoding-complex view of cognitive number processing: {C}omment on {McCloskey}, {S}okol, and {G}oodman (1986).},
	journal = {Journal of {E}xperimental {P}sychology: {G}eneral}
}

@article{campbell2004,
	doi = {10.1037/h0087447},
	url = {https://doi.org/10.1037/h0087447},
	year = 2004,
	publisher = {American Psychological Association ({APA})},
	volume = {58},
	number = {4},
	pages = {229--244},
	author = {Jamie I. D. Campbell and Lynette J. Epp},
	title = {An Encoding-Complex Approach to Numerical Cognition in {C}hinese-{E}nglish Bilinguals.},
	journal = {Canadian {J}ournal of {E}xperimental {P}sychology}
}

@incollection{zbrodoff2005,
	year = 2005,
	publisher = {Psychology {P}ress},
	address = {New York},
	pages = {331--346},
	author = {Zbrodoff, N. J. and Logan, G. D.},
	title = {What everyone finds: {T}he Problem size effect},
	booktitle = {Handbook of {M}athematical {C}ognition},
	editor={Jamie I. D. Campbell}
}

@article{campbell2001,
	doi = {10.1037/0096-3445.130.2.299},
	url = {https://doi.org/10.1037/0096-3445.130.2.299},
	year = 2001,
	publisher = {American Psychological Association ({APA})},
	volume = {130},
	number = {2},
	pages = {299--315},
	author = {Jamie I. D. Campbell and Qilin Xue},
	title = {Cognitive arithmetic across cultures},
	journal = {Journal of {E}xperimental {P}sychology: {G}eneral}
}

@article{campbellFugelsang2001,
	doi = {10.1016/s0010-0277(01)00115-9},
	url = {https://doi.org/10.1016/s0010-0277(01)00115-9},
	year = 2001,
	publisher = {Elsevier {BV}},
	volume = {80},
	number = {3},
	pages = {B21--B30},
	author = {Jamie I. D. Campbell and Jonathan Fugelsang},
	title = {Strategy choice for arithmetic verification: {E}ffects of numerical surface form},
	journal = {Cognition}
}

@article{campbell2006,
	doi = {10.3758/bf03193400},
	url = {https://doi.org/10.3758/bf03193400},
	year = 2006,
	publisher = {Springer Nature},
	volume = {34},
	number = {1},
	pages = {217--226},
	author = {Jamie I. D. Campbell and Marcie Penner-Wilger},
	title = {Calculation latency: {T}he {$\mu$} of memory and the {$\tau$} of transformation},
	journal = {Memory {\&} {C}ognition}
}

@Article{libertus2007,
author="Libertus, Melissa E.
and Woldorff, Marty G.
and Brannon, Elizabeth M.",
title="Electrophysiological evidence for notation independence in numerical processing",
journal="Behavioral and Brain Functions",
year="2007",
volume="3",
number="1",
pages="1",
issn="1744-9081",
doi="10.1186/1744-9081-3-1",
url="http://dx.doi.org/10.1186/1744-9081-3-1"
}

@article{pinel2001,
	doi = {10.1006/nimg.2001.0913},
	url = {https://doi.org/10.1006/nimg.2001.0913},
	year = 2001,
	publisher = {Elsevier {BV}},
	volume = {14},
	number = {5},
	pages = {1013--1026},
	author = {Philippe Pinel and Stanislas Dehaene and Denis Rivi{\`{e}}re and Denis LeBihan},
	title = {Modulation of Parietal Activation by Semantic Distance in a Number Comparison Task},
	journal = {{NeuroImage}}
}

@article{ganorStern2009,
title={Automatic numerical processing is based on an abstract representation},
volume={32},
DOI={10.1017/S0140525X09990781},
url={https://doi.org/10.1017/S0140525X09990781},
number={3-4},
journal={Behavioral and {B}rain {S}ciences},
publisher={Cambridge University Press},
author={Ganor-Stern, Dana},
year={2009},
pages={337--338}
}

@article{ganorStern2008,
title={Across-notation automatic numerical processing},
volume={34},
number={2},
doi={10.1037/0278-7393.34.2.430},
url={https://doi.org/10.1037/0278-7393.34.2.430},
journal={Journal of {E}xperimental {P}sychology: {L}earning, {M}emory, and {C}ognition},
author={Ganor-Stern, Dana and Tzelgov, Joseph},
year={2008},
pages={430--437}
}

@article{henik1982,
	doi = {10.3758/bf03202431},
	url = {https://doi.org/10.3758/bf03202431},
	year = 1982,
	publisher = {Springer Nature},
	volume = {10},
	number = {4},
	pages = {389--395},
	author = {Avishai Henik and Joseph Tzelgov},
	title = {Is three greater than five: {T}he relation between physical and semantic size in comparison tasks},
	journal = {Memory {\&} {C}ognition}
}

@article{megias2016,
	doi = {10.3758/s13421-015-0559-6},
	url = {https://doi.org/10.3758/s13421-015-0559-6},
	year = 2016,
	publisher = {Springer Nature},
	volume = {44},
	number = {2},
	pages = {350--364},
	author = {Patricia Meg{\'i}as and Pedro Macizo},
	title = {Activation and selection of arithmetic facts: {T}he role of numerical format},
	journal = {Memory {\&} {C}ognition}
}

@article{noel1997,
	doi = {10.1016/s0010-0277(97)00009-7},
	url = {https://doi.org/10.1016/s0010-0277(97)00009-7},
	year = 1997,
	publisher = {Elsevier {BV}},
	volume = {63},
	number = {3},
	pages = {335--374},
	author = {Marie-Pascale No{\"e}l and Wim Fias and Marc Brysbaert},
	title = {About the influence of the presentation format on arithmetical-fact retrieval processes},
	journal = {Cognition}
}

@article{schouten1967,
	doi = {10.1016/0001-6918(67)90054-6},
	url = {https://doi.org/10.1016/0001-6918(67)90054-6},
	year = 1967,
	publisher = {Elsevier {BV}},
	volume = {27},
	pages = {143--153},
	author = {J.F. Schouten and J.A.M. Bekker},
	title = {Reaction time and accuracy},
	journal = {Acta {P}sychologica}
}

@article{wickelgren1977,
	doi = {10.1016/0001-6918(77)90012-9},
	url = {https://doi.org/10.1016/0001-6918(77)90012-9},
	year = 1977,
	publisher = {Elsevier {BV}},
	volume = {41},
	number = {1},
	pages = {67--85},
	author = {Wayne A. Wickelgren},
	title = {Speed-accuracy tradeoff and information processing dynamics},
	journal = {Acta {P}sychologica}
}

@article{link1975,
	doi = {10.1007/bf02291481},
	url = {https://doi.org/10.1007/bf02291481},
	year = 1975,
	publisher = {Springer Nature},
	volume = {40},
	number = {1},
	pages = {77--105},
	author = {S. W. Link and R. A. Heath},
	title = {A sequential theory of psychological discrimination},
	journal = {Psychometrika}
}

@article{ratcliff2008,
	doi = {10.1162/neco.2008.12-06-420},
	url = {https://doi.org/10.1162/neco.2008.12-06-420},
	year = 2008,
	publisher = {{MIT} Press - Journals},
	volume = {20},
	number = {4},
	pages = {873--922},
	author = {Roger Ratcliff and Gail McKoon},
	title = {The Diffusion Decision Model: {T}heory and Data for Two-Choice Decision Tasks},
	journal = {Neural {C}omputation}
}

@article{ratcliff2016,
	doi = {10.1016/j.tics.2016.01.007},
	url = {https://doi.org/10.1016/j.tics.2016.01.007},
	year = 2016,
	publisher = {Elsevier {BV}},
	volume = {20},
	number = {4},
	pages = {260--281},
	author = {Roger Ratcliff and Philip L. Smith and Scott D. Brown and Gail McKoon},
	title = {Diffusion Decision Model: {C}urrent Issues and History},
	journal = {Trends in {C}ognitive {S}ciences}
}

@article{ratcliff1976,
	doi = {10.1037/0033-295x.83.3.190},
	url = {https://doi.org/10.1037/0033-295x.83.3.190},
	year = 1976,
	publisher = {American Psychological Association ({APA})},
	volume = {83},
	number = {3},
	pages = {190--214},
	author = {Roger Ratcliff and Bennet B. Murdock},
	title = {Retrieval processes in recognition memory},
	journal = {Psychological {R}eview}
}

@article{ratcliff1978,
	doi = {10.1037/0033-295x.85.2.59},
	url = {https://doi.org/10.1037/0033-295x.85.2.59},
	year = 1978,
	publisher = {American Psychological Association ({APA})},
	volume = {85},
	number = {2},
	pages = {59--108},
	author = {Roger Ratcliff},
	title = {A theory of memory retrieval},
	journal = {Psychological {R}eview}
}

@article{wagenmakers2007,
	doi = {10.3758/bf03194023},
	url = {https://doi.org/10.3758/bf03194023},
	year = 2007,
	publisher = {Springer Nature},
	volume = {14},
	number = {1},
	pages = {3--22},
	author = {Eric-Jan Wagenmakers and Han L. J. Van Der Maas and Raoul P. P. P. Grasman},
	title = {An {EZ}-diffusion model for response time and accuracy},
	journal = {Psychonomic {B}ulletin {\&} {R}eview}
}

@article{anders2016,
	doi = {10.1037/met0000066},
	url = {https://doi.org/10.1037/met0000066},
	year = 2016,
	publisher = {American Psychological Association ({APA})},
	volume = {21},
	number = {3},
	pages = {309--327},
	author = {Royce Anders and F.-Xavier Alario and Leendert Van Maanen},
	title = {The shifted {W}ald distribution for response time data analysis},
	journal = {Psychological {M}ethods}
}

@article{carpenter1995,
	doi = {10.1038/377059a0},
	url = {https://doi.org/10.1038/377059a0},
	year = 1995,
	publisher = {Springer Nature},
	volume = {377},
	number = {6544},
	pages = {59--62},
	author = {R. H. S. Carpenter and M. L. L. Williams},
	title = {Neural computation of log likelihood in control of saccadic eye movements},
	journal = {Nature}
}


@article{heathcote2004,
	doi = {10.3758/bf03206550},
	url = {https://doi.org/10.3758/bf03206550},
	year = 2004,
	publisher = {Springer Nature},
	volume = {36},
	number = {4},
	pages = {678--694},
	author = {Andrew Heathcote},
	title = {Fitting {W}ald and ex-{W}ald distributions to response time data: {A}n example using functions for the {S-PLUS} package},
	journal = {Behavior {R}esearch {M}ethods, {I}nstruments, {\&} {C}omputers}
}

@article{schwarz2001,
	doi = {10.3758/bf03195403},
	url = {https://doi.org/10.3758/bf03195403},
	year = 2001,
	publisher = {Springer Nature},
	volume = {33},
	number = {4},
	pages = {457--469},
	author = {Wolfgang Schwarz},
	title = {The ex-{W}ald distribution as a descriptive model of response times},
	journal = {Behavior {R}esearch {M}ethods, {I}nstruments, {\&} {C}omputers}
}

@book{wald1947,
author={A. Wald},
title={Sequential analysis},
date={1947},
publisher={Wiley},
address={New York}
}

@article{leys2013,
	doi = {10.1016/j.jesp.2013.03.013},
	url = {https://doi.org/10.1016/j.jesp.2013.03.013},
	year = 2013,
	publisher = {Elsevier {BV}},
	volume = {49},
	number = {4},
	pages = {764--766},
	author = {Christophe Leys and Christophe Ley and Olivier Klein and Philippe Bernard and Laurent Licata},
	title = {Detecting outliers: {D}o not use standard deviation around the mean, use absolute deviation around the median},
	journal = {Journal of {E}xperimental {S}ocial {P}sychology}
}

@article{rouder2012,
	doi = {10.1016/j.jmp.2012.08.001},
	url = {https://doi.org/10.1016/j.jmp.2012.08.001},
	year = 2012,
	publisher = {Elsevier {BV}},
	volume = {56},
	number = {5},
	pages = {356--374},
	author = {Jeffrey N. Rouder and Richard D. Morey and Paul L. Speckman and Jordan M. Province},
	title = {Default {B}ayes factors for {ANOVA} designs},
	journal = {Journal of {M}athematical {P}sychology}
}

@manual{R,
    title = {R: {A} Language and Environment for Statistical Computing},
    author = {{R Core Team}},
    organization = {R Foundation for Statistical Computing},
    address = {Vienna, Austria},
    year = {2016},
    url = {https://www.R-project.org/},
  }

@manual{bayesfactor,
    title = {{BayesFactor}: {C}omputation of {B}ayes Factors for Common Designs},
    author = {Richard D. Morey and Jeffrey N. Rouder},
    year = {2015},
    note = {R package version 0.9.12-2},
    url = {https://CRAN.R-project.org/package=BayesFactor},
  }


@article{wagenmakers2007p,
	doi = {10.3758/bf03194105},
	url = {https://doi.org/10.3758/bf03194105},
	year = 2007,
	publisher = {Springer Nature},
	volume = {14},
	number = {5},
	pages = {779--804},
	author = {Eric-Jan Wagenmakers},
	title = {A practical solution to the pervasive problems of p values},
	journal = {Psychonomic {B}ulletin {\&} {R}eview}
}

@article{masson2011,
	doi = {10.3758/s13428-010-0049-5},
	url = {https://doi.org/10.3758/s13428-010-0049-5},
	year = 2011,
	publisher = {Springer Nature},
	volume = {43},
	number = {3},
	pages = {679--690},
	author = {Michael E. J. Masson},
	title = {A tutorial on a practical {B}ayesian alternative to null-hypothesis significance testing},
	journal = {Behavior {R}esearch {M}ethods}
}

@article{faulkenberry2016,
	doi = {10.3389/fpsyg.2016.01915},
	url = {https://doi.org/10.3389/fpsyg.2016.01915},
	year = 2016,
	publisher = {Frontiers Media {SA}},
	volume = {7:1551},
	author = {Thomas J. Faulkenberry and Luca Tummolini},
	title = {Commentary: {I}s there any Influence of Variations in Context on Object-Affordance Effects in Schizophrenia? {P}erception of Property and Goals of Action},
	journal = {Frontiers in Psychology}
}

@article{matzke2009,
	doi = {10.3758/pbr.16.5.798},
	url = {https://doi.org/10.3758/pbr.16.5.798},
	year = 2009,
	publisher = {Springer Nature},
	volume = {16},
	number = {5},
	pages = {798--817},
	author = {Dora Matzke and Eric-Jan Wagenmakers},
	title = {Psychological interpretation of the ex-{G}aussian and shifted {W}ald parameters: {A} diffusion model analysis},
	journal = {Psychonomic {B}ulletin {\&} {R}eview}
}

@article{campbell1994,
	doi = {10.1016/0010-0277(94)90075-2},
	url = {https://doi.org/10.1016/0010-0277(94)90075-2},
	year = 1994,
	publisher = {Elsevier {BV}},
	volume = {53},
	number = {1},
	pages = {1--44},
	author = {Jamie I. D. Campbell},
	title = {Architectures for numerical cognition},
	journal = {Cognition}
}

@article{nagatsuka2013,
	doi = {10.1080/00949655.2013.795564},
	url = {https://doi.org/10.1080/00949655.2013.795564},
	year = 2013,
	publisher = {Informa {UK} Limited},
	volume = {84},
	number = {11},
	pages = {2361--2377},
	author = {Hideki Nagatsuka and N. Balakrishnan},
	title = {A method for estimating parameters and quantiles of the three-parameter inverse {G}aussian distribution based on statistics invariant to unknown location},
	journal = {Journal of {S}tatistical {C}omputation and {S}imulation}
}@Manual{R-base,
  title = {R: A Language and Environment for Statistical Computing},
  author = {{R Core Team}},
  organization = {R Foundation for Statistical Computing},
  address = {Vienna, Austria},
  year = {2017},
  url = {https://www.R-project.org/},
}
@Manual{R-bindrcpp,
  title = {bindrcpp: An 'Rcpp' Interface to Active Bindings},
  author = {Kirill Müller},
  year = {2017},
  note = {R package version 0.2},
  url = {https://CRAN.R-project.org/package=bindrcpp},
}
@Manual{R-dplyr,
  title = {dplyr: A Grammar of Data Manipulation},
  author = {Hadley Wickham and Romain Francois and Lionel Henry and Kirill Müller},
  year = {2017},
  note = {R package version 0.7.4},
  url = {https://CRAN.R-project.org/package=dplyr},
}
@Book{R-ggplot2,
  author = {Hadley Wickham},
  title = {ggplot2: Elegant Graphics for Data Analysis},
  publisher = {Springer-Verlag New York},
  year = {2009},
  isbn = {978-0-387-98140-6},
  url = {http://ggplot2.org},
}
@Manual{R-papaja,
  author = {Frederik Aust and Marius Barth},
  title = {{papaja}: {Create} {APA} manuscripts with {R Markdown}},
  year = {2017},
  note = {R package version 0.1.0.9492},
  url = {https://github.com/crsh/papaja},
}
@Manual{R-purrr,
  title = {purrr: Functional Programming Tools},
  author = {Lionel Henry and Hadley Wickham},
  year = {2017},
  note = {R package version 0.2.2.2},
  url = {https://CRAN.R-project.org/package=purrr},
}
@Manual{R-readr,
  title = {readr: Read Rectangular Text Data},
  author = {Hadley Wickham and Jim Hester and Romain Francois},
  year = {2017},
  note = {R package version 1.1.1},
  url = {https://CRAN.R-project.org/package=readr},
}
@Manual{R-tibble,
  title = {tibble: Simple Data Frames},
  author = {Kirill Müller and Hadley Wickham},
  year = {2017},
  note = {R package version 1.3.3},
  url = {https://CRAN.R-project.org/package=tibble},
}
@Manual{R-tidyr,
  title = {tidyr: Easily Tidy Data with 'spread()' and 'gather()' Functions},
  author = {Hadley Wickham},
  year = {2017},
  note = {R package version 0.6.3},
  url = {https://CRAN.R-project.org/package=tidyr},
}
@Manual{R-tidyverse,
  title = {tidyverse: Easily Install and Load 'Tidyverse' Packages},
  author = {Hadley Wickham},
  year = {2017},
  note = {R package version 1.1.1},
  url = {https://CRAN.R-project.org/package=tidyverse},
}

@Article{cohenKdoshay2007,
  author       = {Cohen-Kdoshay, Oshrit and Meiran, Nachshon},
  title	       = {The representation of instructions in working memory
                  leads to autonomous response activation: {E}vidence
                  from the first trials in the flanker paradigm},
  year	       = 2007,
  volume       = {60},
  number       = 8,
  pages	       = {1140-1154},
  issn	       = {1140-1154},
  doi	       = {10.1080/1747021060089674},
  url	       = {http://dx.doi.org/10.1080/1747021060089674},
  journal      = {The {Q}uarterly {J}ournal of {E}xperimental {P}sychology},
  publisher    = {SAGE Publications}
}

@Article{liefooghe2013,
  author       = {Liefooghe, Baptist and De Houwer, Jan and Wenke,
                  Dorit},
  title	       = {Instruction-based response activation depends on
                  task preparation},
  year	       = 2013,
  volume       = 20,
  number       = 3,
  pages	       = {481–487},
  issn	       = {1531-5320},
  doi	       = {10.3758/s13423-013-0374-7},
  url	       = {http://dx.doi.org/10.3758/s13423-013-0374-7},
  journal      = {Psychonomic {B}ulletin & {R}eview},
  publisher    = {Springer Nature}
}



@Article{wenke2005,
  author       = {Wenke, Dorit and Frensch, Peter A.},
  title	       = {The Influence of Task Instruction on Action Coding:
                  {C}onstraint Setting or Direct Coding?},
  year	       = 2005,
  volume       = 31,
  number       = 4,
  pages	       = {803–819},
  issn	       = {0096-1523},
  doi	       = {10.1037/0096-1523.31.4.803},
  url	       = {http://dx.doi.org/10.1037/0096-1523.31.4.803},
  journal      = {Journal of {E}xperimental {P}sychology: {H}uman {P}erception
                  and {P}erformance},
  publisher    = {American Psychological Association (APA)}
}



@Article{wenkeGaschler2005,
  author       = {Wenke, Dorit and Gaschler, Robert and Nattkemper,
                  Dieter},
  title	       = {Instruction-induced feature binding},
  year	       = 2005,
  volume       = 71,
  number       = 1,
  pages	       = {92–106},
  issn	       = {1430-2772},
  doi	       = {10.1007/s00426-005-0038-y},
  url	       = {http://dx.doi.org/10.1007/s00426-005-0038-y},
  journal      = {Psychological {R}esearch},
  publisher    = {Springer Nature}
}

@Article{deJong1994,
  author       = {De Jong, Ritske and Liang, Chia-Chin and Lauber,
                  Erick},
  title	       = {Conditional and unconditional automaticity: {A}
                  dual-process model of effects of spatial
                  stimulus-response correspondence.},
  year	       = 1994,
  volume       = 20,
  number       = 4,
  pages	       = {731–750},
  issn	       = {0096-1523},
  doi	       = {10.1037/0096-1523.20.4.731},
  url	       = {http://dx.doi.org/10.1037/0096-1523.20.4.731},
  journal      = {Journal of {E}xperimental {P}sychology: {H}uman {P}erception
                  and {P}erformance},
  publisher    = {American Psychological Association (APA)}
}

@Article{kornblum1990,
  author       = {Kornblum, Sylvan and Hasbroucq, Thierry and Osman,
                  Allen},
  title	       = {Dimensional overlap: {C}ognitive basis for
                  stimulus-response compatibility -- {A} model and
                  taxonomy.},
  year	       = 1990,
  volume       = 97,
  number       = 2,
  pages	       = {253–270},
  issn	       = {0033-295X},
  doi	       = {10.1037/0033-295x.97.2.253},
  url	       = {http://dx.doi.org/10.1037/0033-295X.97.2.253},
  journal      = {Psychological Review},
  publisher    = {American Psychological Association (APA)}
}

@Article{zorzi1995,
  author       = {Zorzi, Marco and Umilt\`a, Carlo},
  title	       = {A computational model of the {S}imon effect},
  year	       = 1995,
  volume       = 58,
  number       = 3,
  pages	       = {193–205},
  issn	       = {1430-2772},
  doi	       = {10.1007/bf00419634},
  url	       = {http://dx.doi.org/10.1007/bf00419634},
  journal      = {Psychological {R}esearch},
  publisher    = {Springer Nature}
}

@Article{logan1996,
  author       = {Logan, Gordon D. and Taylor, Stanley E. and
                  Etherton, Joseph L.},
  title	       = {Attention in the acquisition and expression of
                  automaticity.},
  year	       = 1996,
  volume       = 22,
  number       = 3,
  pages	       = {620–638},
  issn	       = {0278-7393},
  doi	       = {10.1037/0278-7393.22.3.620},
  url	       = {http://dx.doi.org/10.1037/0278-7393.22.3.620},
  journal      = {Journal of {E}xperimental {P}sychology: {L}earning,
                  {M}emory, and {C}ognition},
  publisher    = {American Psychological Association (APA)}
}

@Article{steinborn2016,
  author       = {Steinborn, Michael B. and Langner, Robert and
                  Huestegge, Lynn},
  title	       = {Mobilizing cognition for speeded action: try-harder
                  instructions promote motivated readiness in the
                  constant-foreperiod paradigm},
  year	       = 2016,
  volume       = 81,
  number       = 6,
  month	       = {Sep},
  pages	       = {1135–1151},
  issn	       = {1430-2772},
  doi	       = {10.1007/s00426-016-0810-1},
  url	       = {http://dx.doi.org/10.1007/s00426-016-0810-1},
  journal      = {Psychological {R}esearch},
  publisher    = {Springer Nature}
}

@Article{sobel2016,
  author       = {Sobel, Kenith V. and Puri, Amrita M. and
                  Faulkenberry, T. J.},
  title	       = {Bottom-up and top-down attentional contributions to
                  the size congruity effect},
  year	       = 2016,
  volume       = 78,
  number       = 5,
  month	       = {Apr},
  pages	       = {1324–1336},
  issn	       = {1943-393X},
  doi	       = {10.3758/s13414-016-1098-3},
  url	       = {http://dx.doi.org/10.3758/s13414-016-1098-3},
  journal      = {Attention, {P}erception, & {P}sychophysics},
  publisher    = {Springer Nature}
}

@Article{sobel2017,
  author       = {Sobel, Kenith V. and Puri, Amrita M. and
                  Faulkenberry, T. J. and Dague, Taylor D.},
  title	       = {Visual search for conjunctions of physical and
                  numerical size shows that they are processed
                  independently.},
  year	       = 2017,
  volume       = 43,
  number       = 3,
  pages	       = {444–453},
  issn	       = {0096-1523},
  doi	       = {10.1037/xhp0000323},
  url	       = {http://dx.doi.org/10.1037/xhp0000323},
  journal      = {Journal of {E}xperimental {P}sychology: {H}uman {P}erception
                  and {P}erformance},
  publisher    = {American Psychological Association (APA)}
}






